@inbook{nguyen_geiss_2007, place={Upper Saddle River, NJ},chapter=1, title={Generating Complex Procedural Terrains Using the GPU}, booktitle={GPU gems 3}, publisher={Addison-Wesley}, author={Nguyen, Hubert and Geiss, Ryan}, year={2007}} 

@misc{bourke_1994, title={Polygonising a scalar field}, url={http://paulbourke.net/geometry/polygonise/}, journal={Polygonising a scalar field (Marching Cubes)}, author={Bourke, Paul}, year={1994}} 

@misc{quilez:sdf, title={distance functions}, url={https://www.iquilezles.org/www/articles/distfunctions/distfunctions.htm}, author={Quilez, Inigo}} 
@misc{quilez:ellipsoid, title={ellipsoid SDF}, url={https://iquilezles.org/www/articles/ellipsoids/ellipsoids.htm}, author={Quilez, Inigo}, year={2008}} 

@phdthesis{lengyel_2010, title={Voxel-based terrain for real-time virtual simulations}, author={Lengyel, Eric Stephen}, year={2010}} 
@misc{kraus_2021, title={Cubic Bezier Spline Distance}, url={https://www.shadertoy.com/view/flsGzH}, journal={Shadertoy BETA}, author={Kraus, Alexander}, year={2021}} 

@article{10.1145/37402.37422,
author = {Lorensen, William E. and Cline, Harvey E.},
title = {Marching Cubes: A High Resolution 3D Surface Construction Algorithm},
year = {1987},
issue_date = {July 1987},
publisher = {Association for Computing Machinery},
address = {New York, NY, USA},
volume = {21},
number = {4},
issn = {0097-8930},
url = {https://doi.org/10.1145/37402.37422},
doi = {10.1145/37402.37422},
abstract = {We present a new algorithm, called marching cubes, that creates triangle models of constant density surfaces from 3D medical data. Using a divide-and-conquer approach to generate inter-slice connectivity, we create a case table that defines triangle topology. The algorithm processes the 3D medical data in scan-line order and calculates triangle vertices using linear interpolation. We find the gradient of the original data, normalize it, and use it as a basis for shading the models. The detail in images produced from the generated surface models is the result of maintaining the inter-slice connectivity, surface data, and gradient information present in the original 3D data. Results from computed tomography (CT), magnetic resonance (MR), and single-photon emission computed tomography (SPECT) illustrate the quality and functionality of marching cubes. We also discuss improvements that decrease processing time and add solid modeling capabilities.},
journal = {SIGGRAPH Comput. Graph.},
month = {aug},
pages = {163â€“169},
numpages = {7}
}

@misc{g-truc_2005, title={G-TRUC/GLM: OpenGL Mathematics (GLM)}, url={https://github.com/g-truc/glm}, journal={GitHub}, author={G-Truc}, year={2005}} 

@misc{lengyel, title={The Transvoxel Algorithm}, url={https://transvoxel.org/Transvoxel.pdf}, journal={transvoxel.org}, author={Lengyel, Eric}} 

@misc{bullet-physics, title={Bulletphysics/bullet3: Bullet physics SDK: Real-time collision detection and multi-physics simulation for VR, games, visual effects, robotics, machine learning etc..}, url={https://github.com/bulletphysics/bullet3}, journal={GitHub}, author={Bullet Physics Development Team}} 

@misc{coumans_2015, title={Bullet 2.83 Physics SDK Manual}, url={https://github.com/bulletphysics/bullet3/blob/master/docs/Bullet_User_Manual.pdf}, journal={GitHub}, author={Coumans, Erwin}, year={2015}} 
@misc{glfw, title={An OpenGL Library}, url={https://www.glfw.org/}, journal={GLFW}} 
@misc{glew, title={The opengl extension wrangler library}, url={http://glew.sourceforge.net/}, journal={GLEW}} 
